@article{bert-sum,
  author    = {Yang Liu},
  title     = {Fine-tune {BERT} for Extractive Summarization},
  journal   = {CoRR},
  volume    = {abs/1903.10318},
  year      = {2019},
  url       = {http://arxiv.org/abs/1903.10318},
  archivePrefix = {arXiv},
  eprint    = {1903.10318},
  timestamp = {Mon, 01 Apr 2019 14:07:37 +0200},
  biburl    = {https://dblp.org/rec/bib/journals/corr/abs-1903-10318},
  bibsource = {dblp computer science bibliography, https://dblp.org}
}

@article{lead,
	author    = {Ramesh Nallapati and
	Bing Xiang and
	Bowen Zhou},
	title     = {Sequence-to-Sequence RNNs for Text Summarization},
	journal   = {CoRR},
	volume    = {abs/1602.06023},
	year      = {2016},
	url       = {http://arxiv.org/abs/1602.06023},
	archivePrefix = {arXiv},
	eprint    = {1602.06023},
	timestamp = {Mon, 13 Aug 2018 16:46:52 +0200},
	biburl    = {https://dblp.org/rec/bib/journals/corr/NallapatiXZ16},
	bibsource = {dblp computer science bibliography, https://dblp.org}
}

@article{pointer-generator,
	author    = {Abigail See and
	Peter J. Liu and
	Christopher D. Manning},
	title     = {Get To The Point: Summarization with Pointer-Generator Networks},
	journal   = {CoRR},
	volume    = {abs/1704.04368},
	year      = {2017},
	url       = {http://arxiv.org/abs/1704.04368},
	archivePrefix = {arXiv},
	eprint    = {1704.04368},
	timestamp = {Mon, 13 Aug 2018 16:46:08 +0200},
	biburl    = {https://dblp.org/rec/bib/journals/corr/SeeLM17},
	bibsource = {dblp computer science bibliography, https://dblp.org}
}

@article{dca,
	author    = {Asli {\c{C}}elikyilmaz and
	Antoine Bosselut and
	Xiaodong He and
	Yejin Choi},
	title     = {Deep Communicating Agents for Abstractive Summarization},
	journal   = {CoRR},
	volume    = {abs/1803.10357},
	year      = {2018},
	url       = {http://arxiv.org/abs/1803.10357},
	archivePrefix = {arXiv},
	eprint    = {1803.10357},
	timestamp = {Mon, 13 Aug 2018 16:49:04 +0200},
	biburl    = {https://dblp.org/rec/bib/journals/corr/abs-1803-10357},
	bibsource = {dblp computer science bibliography, https://dblp.org}
}

@article{al2018hierarchical,
	title={A hierarchical structured self-attentive model for extractive document summarization (HSSAS)},
	author={Al-Sabahi, Kamal and Zuping, Zhang and Nadher, Mohammed},
	journal={IEEE Access},
	volume={6},
	pages={24205--24212},
	year={2018},
	publisher={IEEE}
}

@article{bottom-up,
	author    = {Sebastian Gehrmann and
	Yuntian Deng and
	Alexander M. Rush},
	title     = {Bottom-Up Abstractive Summarization},
	journal   = {CoRR},
	volume    = {abs/1808.10792},
	year      = {2018},
	url       = {http://arxiv.org/abs/1808.10792},
	archivePrefix = {arXiv},
	eprint    = {1808.10792},
	timestamp = {Mon, 03 Sep 2018 13:36:40 +0200},
	biburl    = {https://dblp.org/rec/bib/journals/corr/abs-1808-10792},
	bibsource = {dblp computer science bibliography, https://dblp.org}
}

@article{bert,
	author    = {Jacob Devlin and
	Ming{-}Wei Chang and
	Kenton Lee and
	Kristina Toutanova},
	title     = {{BERT:} Pre-training of Deep Bidirectional Transformers for Language
	Understanding},
	journal   = {CoRR},
	volume    = {abs/1810.04805},
	year      = {2018},
	url       = {http://arxiv.org/abs/1810.04805},
	archivePrefix = {arXiv},
	eprint    = {1810.04805},
	timestamp = {Tue, 30 Oct 2018 20:39:56 +0100},
	biburl    = {https://dblp.org/rec/bib/journals/corr/abs-1810-04805},
	bibsource = {dblp computer science bibliography, https://dblp.org}
}